
@misc{GDPR2016,
  author = {European Parliament and Council},
  title = {REGULATION (EU) 2016/679 OF THE EUROPEAN PARLIAMENT AND OF THE
           COUNCIL of 27 April 2016 on the protection of natural persons with
           regard to the processing of personal data and on the free movement of
           such data, and repealing Directive 95/46/EC (General Data Protection
           Regulation)},
  year = {2016},
  note = {Official Journal of the European Union, L 119, 4.5.2016},
  url = {https://eur-lex.europa.eu/eli/reg/2016/679/oj},
}

@misc{ECHR1950,
  author = {Council of Europe},
  title = {Article 34,35 of the Convention for the Protection of Human Rights
           and Fundamental Freedoms},
  year = {1950},
  note = {Official Journal of the European Union, 4 November 1950, as amended},
  url = {https://www.echr.coe.int/documents/convention_eng.pdf},
}

@misc{Conv108+,
  author = {Council of Europe},
  title = {Convention 108+ for the protection of individuals with regard to the
           processing of personal data},
  year = {2018},
  note = {www.coe.int/dataprotection},
  url = {https://www.coe.int/en/web/data-protection/convention108},
}

@misc{BelgianAct2018,
  author = {Belgian Government},
  title = {Act on the protection of natural persons with regard to the
           processing of personal data},
  year = {2018},
  note = {Unofficial translation, Belgian Official Journal, 05 September 2018,
          Consolidated version (05/09/2018)},
  howpublished = {Unofficial translation},
  url = {
         https://www.ejustice.just.fgov.be/cgi/article_body.pl?language=fr&column=overview&id=26703182
         },
}
@misc{BLE5,
  author = {EmbeddedCentric},
  title = {Introduction to Bluetooth Low Energy / Bluetooth 5},
  year = {n.d.},
  url = {
         https://embeddedcentric.com/introduction-to-bluetooth-low-energy-bluetooth-5/
         },
  note = {Accessed: 2024-11-11},
}

@misc{ARP,
  author = {Stanley Arvey},
  title = {Address Resolution Protocol (ARP): Everything You Should Know About},
  year = {2022},
  url = {https://orhanergun.net/address-resolution-protocol-arp},
  note = {Accessed: 2024-11-11},
}
@misc{MAC,
  author = {IPCisco},
  title = {What is a MAC Address? | MAC Address Lookup | MAC Examples},
  url = {
         https://encrypted-tbn0.gstatic.com/images?q=tbn:ANd9GcRhDPAnCndgDUQGUJOIYPd7_ysmfnjtV2-AgQ&s
         },
  url2 = {https://ipcisco.com/lesson/what-is-a-mac-address/},
  note = {Accessed: 2024-11-11},
}


@misc{info4cybersecurity2024,
  author = {Jpryn2003},
  title = {Understanding MAC Spoofing: Risks, Methods, and Prevention},
  year = {2024},
  month = {June},
  note = {Published in Technology},
  url = {
         https://info4cybersecurity.com/understanding-mac-spoofing-risks-methods-and-prevention/
         },
}

@misc{mccargo2022,
  author = {Herman McCargo},
  title = {MAC Address Vulnerabilities in Cybersecurity -- 5 Mistakes To Avoid},
  year = {2022},
  month = {December},
  url = {
         https://www.uscybersecurity.com/blogs/mac-address-vulnerabilities-in-cybersecurity
         },
  note = {Post published: December 23, 2022},
}

@misc{cybercert2022,
  author = {Cybercert},
  title = {Understanding MAC Spoofing Attacks},
  year = {2022},
  month = {December},
  url = {https://www.cybercert.ca/understanding-mac-spoofing-attacks/},
  note = {Published on December 2, 2022},
}
@online{Nordstrom2013,
  author = {Peter Cohan},
  title = {How Nordstrom Uses WiFi To Spy On Shoppers},
  year = {2013},
  url = {
         https://www.forbes.com/sites/petercohan/2013/05/09/how-nordstrom-and-home-depot-use-wifi-to-spy-on-shoppers/
         },
  note = {Accessed: 2024-12-05},
}

@online{Google2007,
  author = {Jemima Kiss},
  title = {Google admits collecting Wi-Fi data through Street View cars},
  year = {2010},
  url = {
         https://www.theguardian.com/technology/2010/may/15/google-admits-storing-private-data
         },
  note = {Accessed: 2024-12-05},
}

@online{RenewLondon2013,
  author = {Kadhim Shubber},
  title = {Tracking devices hidden in London's recycling bins are stalking your
           smartphone},
  year = {2013},
  url = {https://www.wired.com/story/recycling-bins-are-watching-you/},
  note = {Accessed: 2024-12-05},
}
